<?xml version="1.0" encoding="UTF-8"?><collection xmlns="http://www.loc.gov/MARC21/slim"><record><leader>00330nam--2200121-i-4500</leader><controlfield tag="001">000028616</controlfield><controlfield tag="002">20161230</controlfield><controlfield tag="005">20161230201037</controlfield><controlfield tag="008">060222s1000------------r-----000-0-eng-d</controlfield><datafield ind1=" " ind2=" " tag="080"><subfield code="a">061.60(540):001.891:621.039</subfield></datafield><datafield ind1=" " ind2=" " tag="245"><subfield code="a">Igc-highlights 1988</subfield></datafield><datafield ind1=" " ind2=" " tag="260"><subfield code="a">Kalpakkam, Indira Gandhi Centre For Atomic Research, 1988. 84p</subfield></datafield><datafield ind1=" " ind2=" " tag="852"><subfield code="a">78860</subfield></datafield></record></collection>